@inbook{Grice1975, 
	author = {Grice, H. P.}, 
	booktitle = {Readings in language and mind}, 
	publisher = {Blackwell}, 
	title = {Logic and conversation.}, 
	year = {1975}
}

@article{Gruenfeld1992,
	author = {Gruenfeld, D H and Wyer, R S},
	doi = {10.1037/0022-3514.62.1.38},
	isbn = {1939-1315},
	issn = {0022-3514},
	journal = {Journal of personality and social psychology},
	number = {1},
	pages = {38--49},
	pmid = {1538315},
	title = {{Semantics and pragmatics of social influence: how affirmations and denials affect beliefs in referent propositions.}},
	volume = {62},
	year = {1992}
}

@inproceedings{Kravtchenko2015,
	author = {Kravtchenko, Ekaterina and Demberg, Vera},
	booktitle = {Proceedings of the 37th Annual Conference of the Cognitive Science Society},
	keywords = {infor-,pragmatics,psycholinguistics,redundancy},
	mendeley-groups = {backfiring-words},
	pages = {1207--1212},
	title = {{Semantically underinformative utterances trigger pragmatic inferences}},
	year = {2015}
}


@article{Wegner1981,
	author = {Wegner, Daniel M and Wenzlaff, Richard and Kerker, R Michael and Beattie, Ann E},
	journal = {Journal of Personality and Social Psychology},
	number = {5},
	pages = {822--832},
	title = {{Incrimination Through Inneundo: Can Media Questions Become Public Answers?}},
	volume = {40},
	year = {1981}
}

@article{Wyer1995,
	author = {Wyer, R S and Swan, S and Gruenfeld, D H},
	doi = {10.1521/soco.1995.13.3.243},
	issn = {0278-016X},
	journal = {Social Cognition},
	number = {3},
	pages = {243--272},
	title = {{Impression formation in informal conversations}},
	volume = {13},
	year = {1995}
}

@incollection{Wyer2014,
	author = {Wyer, Robert S.},
	booktitle = {Linguistic Underpinnings of Intrapersonal Processes},
	keywords = {comprehension,conversations,language,memory},
	pages = {231--249},
	title = {{Language and Social Comprehension}},
	year = {2014}
}
